@article{grace2021study,
title={Behind every digital system is a logic gate},
author= {Nkechi, Grace, Okoacha}
journal={GST 108},
volume={155},
pages={11--13},
year={2021},
publisher={PAU Article}
}

@inproceedings{grace2020,
	title={A logic gate is an idealized model of computation or physical electronic device implementing a Boolean function, a logical operation performed on one or more binary inputs that produces a single binary output.},
	author={Okoacha,85}
	booktitle={Statistics-In-Depth},
	pages={16--21},
	year={2020},
	organization={PAN ANTLANTIC UNIVERSITY}}